<?xml version="1.0" encoding="UTF-8"?><collection xmlns="http://www.loc.gov/MARC21/slim"><record><leader>00685nam--2200205-i-4500</leader><controlfield tag="001">000029752</controlfield><controlfield tag="002">20161230</controlfield><controlfield tag="005">20161230201037</controlfield><controlfield tag="008">060222s1000------------r-----000-0-eng-d</controlfield><datafield ind1=" " ind2=" " tag="020"><subfield code="a">354008245X</subfield></datafield><datafield ind1=" " ind2=" " tag="040"><subfield code="a">IFIN-HH</subfield></datafield><datafield ind1=" " ind2=" " tag="080"><subfield code="a">512.546.5:517.986.6</subfield></datafield><datafield ind1="1" ind2=" " tag="100"><subfield code="a">Carmona</subfield></datafield><datafield ind1="1" ind2="0" tag="245"><subfield code="a">Non-commutative harmonic analysis</subfield><subfield code="b">Lecture notes in mathematics vol. 587 actes du colloque d'analyse harmonique non-commutative, marseille-luminy, 5 au 9 juillet, 1976</subfield><subfield code="c">J.carmona, m. vergne (eds.)</subfield></datafield><datafield ind1=" " ind2=" " tag="260"><subfield code="a">Berlin</subfield><subfield code="b">Springer-verlag</subfield><subfield code="c">1977</subfield></datafield><datafield ind1=" " ind2=" " tag="300"><subfield code="a">240P</subfield></datafield><datafield ind1=" " ind2=" " tag="490"><subfield code="a">Lecture Notes In Mathematics</subfield><subfield code="v">Vol. 587</subfield></datafield><datafield ind1="1" ind2=" " tag="700"><subfield code="a">Vergne, M</subfield><subfield code="e">Ed</subfield></datafield><datafield ind1=" " ind2=" " tag="852"><subfield code="a">46522</subfield></datafield><datafield ind1=" " ind2=" " tag="CAT"><subfield code="a">Sys</subfield><subfield code="c">20130813</subfield><subfield code="h">174903</subfield></datafield></record></collection>